%% This BibTeX bibliography file was created using BibDesk.
%% http://bibdesk.sourceforge.net/


%% Created for Daniel Parker at 2014-01-10 14:07:51 -0500 


%% Saved with string encoding Unicode (UTF-8) 



@article{brainerd_wright,
	Author = {Candace Oaxaca Wright and Tereasa G. Brainerd},
	Date-Added = {2014-01-10 19:06:18 +0000},
	Date-Modified = {2014-01-10 19:07:35 +0000},
	Journal = {The Astrophysical Journal},
	Month = {May},
	Title = {Gravitational Lensing by NFW Halos},
	Year = {2000}}


@article{Narayan:1996ba,
      author         = "Narayan, Ramesh and Bartelmann, Matthias",
      title          = "{Lectures on gravitational lensing}",
      year           = "1996",
      eprint         = "astro-ph/9606001",
      archivePrefix  = "arXiv",
      primaryClass   = "astro-ph",
      SLACcitation   = "%%CITATION = ASTRO-PH/9606001;%%",
}

@article{Navarro:1995iw,
      author         = "Navarro, Julio F. and Frenk, Carlos S. and White, Simon
                        D.M.",
      title          = "{The Structure of cold dark matter halos}",
      journal        = "Astrophys.J.",
      volume         = "462",
      pages          = "563-575",
      doi            = "10.1086/177173",
      year           = "1996",
      eprint         = "astro-ph/9508025",
      archivePrefix  = "arXiv",
      primaryClass   = "astro-ph",
      SLACcitation   = "%%CITATION = ASTRO-PH/9508025;%%",
}

@article{VanWaerbeke:2003uq,
      author         = "Van Waerbeke, Ludovic and Mellier, Yannick",
      title          = "{Gravitational lensing by large scale structures: a
                        review}",
      year           = "2003",
      eprint         = "astro-ph/0305089",
      archivePrefix  = "arXiv",
      primaryClass   = "astro-ph",
      SLACcitation   = "%%CITATION = ASTRO-PH/0305089;%%",
}
